<record><leader>00000cas a22000007a 4500</leader><controlfield tag="001">13476191</controlfield><controlfield tag="008">860422d18871901wvudr ne      0    0ger d</controlfield><datafield ind1=" " ind2=" " tag="010"><subfield code="a">sn 86092514 </subfield></datafield><datafield ind1=" " ind2=" " tag="040"><subfield code="a">WVC</subfield><subfield code="b">eng</subfield><subfield code="c">WVC</subfield><subfield code="d">OCL</subfield><subfield code="d">OCLCQ</subfield></datafield><datafield ind1=" " ind2=" " tag="042"><subfield code="a">msc</subfield></datafield><datafield ind1="0" ind2="0" tag="245"><subfield code="a">West Virginische staats-zeitung.</subfield></datafield><datafield ind1=" " ind2=" " tag="260"><subfield code="a">Wheeling, W. Va. :</subfield><subfield code="b">L. Colmar, Jr.</subfield></datafield><datafield ind1=" " ind2=" " tag="300"><subfield code="a">v.</subfield></datafield><datafield ind1=" " ind2=" " tag="310"><subfield code="a">Daily</subfield></datafield><datafield ind1="1" ind2=" " tag="362"><subfield code="a">Began in 1887; ceased Feb. 6, 1901.</subfield><subfield code="z">Cf. Deutche Zeitung, July 3, 1906.</subfield></datafield><datafield ind1=" " ind2=" " tag="580"><subfield code="a">Formed by the merger of: Deutsche zeitung (Wheeling, W. Va. : 1876) (non-extant), and: Wheelinger volksblatt (non-extant).</subfield></datafield><datafield ind1=" " ind2=" " tag="588"><subfield code="a">Description based on: Vol. 2, no. 216 (July 1, 1889).</subfield></datafield><datafield ind1=" " ind2=" " tag="752"><subfield code="a">United States</subfield><subfield code="b">West Virginia</subfield><subfield code="c">Ohio</subfield><subfield code="d">Wheeling.</subfield></datafield><datafield ind1="0" ind2="4" tag="780"><subfield code="t">Deutsche zeitung (Wheeling, W. Va. : 1876)</subfield></datafield><datafield ind1="0" ind2="4" tag="780"><subfield code="t">Wheelinger volksblatt</subfield></datafield><datafield ind1="0" ind2="0" tag="785"><subfield code="t">Deutsche zeitung (Wheeling, W. Va. : 1901)</subfield><subfield code="w">(DLC)sn 86092515</subfield></datafield></record>